/home/magsilva/Publications/BibTeX/root.bib